{
  "leader": "02039cam a2200385 i 4500",
  "fields": [
    {
      "001": "ocm01253778\\"
    },
    {
      "003": "OCoLC"
    },
    {
      "005": "20221221113704.0"
    },
    {
      "008": "730815s1972\\\\\\\\nyua\\\\\\\\\\\\\\\\\\\\000\\0\\eng\\\\"
    },
    {
      "010": {
        "ind1": "\\",
        "ind2": "\\",
        "subfields": [
          {
            "a": "   76086412 "
          }
        ]
      }
    },
    {
      "040": {
        "ind1": "\\",
        "ind2": "\\",
        "subfields": [
          {
            "a": "DLC"
          },
          {
            "b": "eng"
          },
          {
            "c": "DLC"
          },
          {
            "d": "BTCTA"
          },
          {
            "d": "LVB"
          },
          {
            "d": "B9B"
          },
          {
            "d": "OCLCF"
          },
          {
            "d": "TOH"
          },
          {
            "d": "OCLCQ"
          },
          {
            "d": "PHUST"
          },
          {
            "d": "OCLCQ"
          },
          {
            "d": "CSJ"
          },
          {
            "d": "OCLCQ"
          },
          {
            "d": "OCLCA"
          },
          {
            "d": "OCLCO"
          }
        ]
      }
    },
    {
      "019": {
        "ind1": "\\",
        "ind2": "\\",
        "subfields": [
          {
            "a": "419956"
          },
          {
            "a": "1001485"
          },
          {
            "a": "317478204"
          },
          {
            "a": "989229850"
          },
          {
            "a": "1008480160"
          },
          {
            "a": "1049270769"
          },
          {
            "a": "1136285827"
          },
          {
            "a": "1138924006"
          },
          {
            "a": "1227458197"
          },
          {
            "a": "1228077494"
          },
          {
            "a": "1228684111"
          },
          {
            "a": "1231461491"
          },
          {
            "a": "1261783448"
          },
          {
            "a": "1297023244"
          }
        ]
      }
    },
    {
      "020": {
        "ind1": "\\",
        "ind2": "\\",
        "subfields": [
          {
            "a": "0870702238"
          }
        ]
      }
    },
    {
      "020": {
        "ind1": "\\",
        "ind2": "\\",
        "subfields": [
          {
            "a": "9780870702235"
          }
        ]
      }
    },
    {
      "035": {
        "ind1": "\\",
        "ind2": "\\",
        "subfields": [
          {
            "a": "(OCoLC)1253778"
          },
          {
            "z": "(OCoLC)419956"
          },
          {
            "z": "(OCoLC)1001485"
          },
          {
            "z": "(OCoLC)317478204"
          },
          {
            "z": "(OCoLC)989229850"
          },
          {
            "z": "(OCoLC)1008480160"
          },
          {
            "z": "(OCoLC)1049270769"
          },
          {
            "z": "(OCoLC)1136285827"
          },
          {
            "z": "(OCoLC)1138924006"
          },
          {
            "z": "(OCoLC)1227458197"
          },
          {
            "z": "(OCoLC)1228077494"
          },
          {
            "z": "(OCoLC)1228684111"
          },
          {
            "z": "(OCoLC)1231461491"
          },
          {
            "z": "(OCoLC)1261783448"
          },
          {
            "z": "(OCoLC)1297023244"
          }
        ]
      }
    },
    {
      "050": {
        "ind1": "0",
        "ind2": "0",
        "subfields": [
          {
            "a": "N350"
          },
          {
            "b": ".D26 1972b"
          }
        ]
      }
    },
    {
      "082": {
        "ind1": "0",
        "ind2": "0",
        "subfields": [
          {
            "a": "707.1"
          },
          {
            "b": "DAM"
          }
        ]
      }
    },
    {
      "100": {
        "ind1": "1",
        "ind2": "\\",
        "subfields": [
          {
            "a": "D'Amico, Victor,"
          },
          {
            "d": "1904-1987."
          }
        ]
      }
    },
    {
      "245": {
        "ind1": "1",
        "ind2": "0",
        "subfields": [
          {
            "a": "Assemblage :"
          },
          {
            "b": "a new dimension in creative teaching in action"
          },
          {
            "c": "[by] Victor D'Amico and Arlette Buchman."
          }
        ]
      }
    },
    {
      "260": {
        "ind1": "\\",
        "ind2": "\\",
        "subfields": [
          {
            "a": "New York :"
          },
          {
            "b": "Museum of Modern Art ;"
          },
          {
            "b": "distributed by New York Graphic Society, Greenwich, Conn,"
          },
          {
            "c": "[1972]"
          }
        ]
      }
    },
    {
      "300": {
        "ind1": "\\",
        "ind2": "\\",
        "subfields": [
          {
            "a": "228 pages :"
          },
          {
            "b": "illustrations ;"
          },
          {
            "c": "22 x 26 cm"
          }
        ]
      }
    },
    {
      "336": {
        "ind1": "\\",
        "ind2": "\\",
        "subfields": [
          {
            "a": "text"
          },
          {
            "b": "txt"
          },
          {
            "2": "rdacontent"
          }
        ]
      }
    },
    {
      "337": {
        "ind1": "\\",
        "ind2": "\\",
        "subfields": [
          {
            "a": "unmediated"
          },
          {
            "b": "n"
          },
          {
            "2": "rdamedia"
          }
        ]
      }
    },
    {
      "338": {
        "ind1": "\\",
        "ind2": "\\",
        "subfields": [
          {
            "a": "volume"
          },
          {
            "b": "nc"
          },
          {
            "2": "rdacarrier"
          }
        ]
      }
    },
    {
      "520": {
        "ind1": "\\",
        "ind2": "\\",
        "subfields": [
          {
            "a": "A guide to art teaching in action."
          }
        ]
      }
    },
    {
      "650": {
        "ind1": "\\",
        "ind2": "0",
        "subfields": [
          {
            "a": "Art"
          },
          {
            "x": "Study and teaching (Elementary)"
          }
        ]
      }
    },
    {
      "650": {
        "ind1": "\\",
        "ind2": "0",
        "subfields": [
          {
            "a": "Assemblage (Art)"
          }
        ]
      }
    },
    {
      "650": {
        "ind1": "\\",
        "ind2": "7",
        "subfields": [
          {
            "a": "Art"
          },
          {
            "x": "Study and teaching (Elementary)"
          },
          {
            "2": "fast"
          },
          {
            "0": "(OCoLC)fst00815356"
          }
        ]
      }
    },
    {
      "650": {
        "ind1": "\\",
        "ind2": "7",
        "subfields": [
          {
            "a": "Assemblage (Art)"
          },
          {
            "2": "fast"
          },
          {
            "0": "(OCoLC)fst00818997"
          }
        ]
      }
    },
    {
      "700": {
        "ind1": "1",
        "ind2": "\\",
        "subfields": [
          {
            "a": "Buchman, Arlette,"
          },
          {
            "e": "author."
          }
        ]
      }
    },
    {
      "776": {
        "ind1": "0",
        "ind2": "8",
        "subfields": [
          {
            "i": "Online version:"
          },
          {
            "a": "D'Amico, Victor, 1904-1987."
          },
          {
            "t": "Assemblage: a new dimension in creative teaching in action."
          },
          {
            "d": "New York, Museum of Modern Art; distributed by New York Graphic Society, Greenwich, Conn. [1972]"
          },
          {
            "w": "(OCoLC)557723272"
          }
        ]
      }
    },
    {
      "994": {
        "ind1": "\\",
        "ind2": "\\",
        "subfields": [
          {
            "a": "Z0"
          },
          {
            "b": "NYRVC"
          }
        ]
      }
    },
    {
      "948": {
        "ind1": "\\",
        "ind2": "\\",
        "subfields": [
          {
            "h": "NO HOLDINGS IN NYRVC - 432 OTHER HOLDINGS"
          }
        ]
      }
    },
    {
      "999": {
        "ind1": "\\",
        "ind2": "\\",
        "subfields": [
          {
            "a": "00000000010545"
          },
          {
            "b": "Copy 1"
          }
        ]
      }
    },
    {
      "999": {
        "ind1": "\\",
        "ind2": "\\",
        "subfields": [
          {
            "a": "00000000010549"
          },
          {
            "b": "Copy 2"
          }
        ]
      }
    }
  ]
}